@article{art01,
  language = "russian",
  author   = "Своротова, Ю.~В.",
  title    = "Использование настольных игр в образовательном процессе",
  journal  = "Развитие современного образования: от теории к практике.  Сборник
  материалов VII Всероссийской научно-практической конференции с международным
  участием, Чебоксары, 14~июня~2019~г",
  year     = "2019",
  pages    = "145--150"
}

@article{art02,
  language = "russian",
  author   = "Журавков, Д.~Д.",
  title    = "Роль маркетинга в процессе формирования новых типов бизнеса на
  примере мирового рынка настольных игр",
  journal  = "ЭТАП: Экономическая Теория, Анализ, Практика",
  year     = "2013",
  number   = "1",
  pages    = "139--148"
}

@article{art03,
  language = "russian",
  author   = "Герасикова, Е.~Н. and Родина, Е.~Н. and Шпакова, Г.~А.",
  title    = "Рынок настольных игр: тенденции и способы продвижения",
  journal  = "Инновации в науке",
  year     = "2018",
  number   = "6~(82)",
  pages    = "58--60"
}

@misc{gost01,
  language     = "russian",
  title        = "ГОСТ 20886-85. Организация данных в системах обработки данных.
                  Термины и определения [Электронный ресурс]",
  note         = "URL: \url{https://docs.cntd.ru/document/1200015708}
                  (дата обращения: 28.04.2022)",
}

@misc{site01,
  language     = "russian",
  title        = "Магазины настольных игр Hobby Games [Электронный ресурс]",
  note         = "URL: \url{https://hobbygames.ru/}
                  (дата обращения: 24.04.2022)",
}

@misc{site02,
  language     = "russian",
  title        = "Магазин настольных игр и подарков Мосигра [Электронный ресурс]",
  note         = "URL: \url{https://www.mosigra.ru/}
                  (дата обращения: 24.04.2022)",
}

@misc{site03,
  language     = "russian",
  title        = "Интернет-магазин настольных игр Низа Гамс [Электронный ресурс]",
  note         = "URL: \url{https://nizagams.ru/}
                  (дата обращения: 24.04.2022)",
}

@misc{site04,
  language     = "english",
  title        = "BoardGameGeek – Gaming Unplugged Since 2000",
  note         = "URL: \url{https://boardgamegeek.com/}
                  (дата обращения: 26.04.2022)",
}

@misc{site05,
  language     = "english",
  title        = "Top Tier Board Games",
  note         = "URL: \url{https://toptiergaming.com/}
                  (дата обращения: 26.04.2022)",
}

@misc{site06,
  language     = "english",
  title        = "Board Game Halv | Board Game Culture and Enthusiasm",
  note         = "URL: \url{https://www.boardgamehalv.com/}
                  (дата обращения: 26.04.2022)",
}

@misc{site07,
  language     = "english",
  title        = "Board Game Arena",
  note         = "URL: \url{https://boardgamearena.com/}
                  (дата обращения: 26.04.2022)",
}

@book{book01,
  language  = "russian",
  title     = "Модели баз данных: учебное пособие",
  author    = "Аврунев, О.~Е. and Стасышин, В.~М.",
  year      = 2018,
  publisher = "Издательство НГТУ",
  address   = "Новосибирск",
  pages     = 124

}

@misc{site08,
  language     = "english",
  title        = "What???",
  note         = "URL: \url{https://www.freecodecamp.org/news/relational-vs-nonrelational-databases-difference-between-sql-db-and-nosql-db/}
                  (дата обращения: 12.05.2022)",
}

@misc{site09,
  language     = "english",
  title        = "What???",
  note         = "URL: \url{https://www.xelent.ru/blog/otlichiya-relyatsionnykh-i-nerelyatsionnykh-baz-dannykh/}
                  (дата обращения: 12.05.2022)",
}

@article{art04,
  language = "russian",
  author   = "Саидов, Н.~В.",
  title    = "Основные преимущества реляционных SQL баз данных над
              нереляционными NoSQL",
  journal  = "<<Научное сообщество студентов XXI столетия. Технические науки>>:
  Электронный сборник статей по материалам XCVIII студенческой международной
  научно-практической конференции.",
  year     = "2021",
  number   = "2~(97)",
  publisher = "Издательство ООО «СибАК»",
  address   = "Новосибирск",
  pages    = "17--21"
}

@misc{site10,
  language     = "english",
  title        = "",
  note         = "URL: \url{https://www.ibm.com/cloud/blog/sql-vs-nosql}
                  (дата обращения: 12.05.2022)",
}

@book{book02,
  language = "english",
  author   = "Meier, Andreas and Kaufmann, Michael",
  year     = "2019",
  pages    = "228",
  title    = "SQL \& NoSQL Databases: Models, Languages, Consistency Options and
              Architectures for Big Data Management",
}

